@article{weaver2015analyzing,
  title={Analyzing hospitalization data: potential limitations of Poisson regression},
  author={Weaver, Colin G and Ravani, Pietro and Oliver, Matthew J and Austin, Peter C and Quinn, Robert R},
  journal={Nephrology Dialysis Transplantation},
  volume={30},
  number={8},
  pages={1244--1249},
  year={2015},
  publisher={Oxford University Press}
}

@article{stoklosa2022overview,
  title={An overview of modern applications of negative binomial modelling in ecology and biodiversity},
  author={Stoklosa, Jakub and Blakey, Rachel V and Hui, Francis KC},
  journal={Diversity},
  volume={14},
  number={5},
  pages={320},
  year={2022},
  publisher={MDPI}
}

@misc{culot2019atlantic,
  title={ATLANTIC-PRIMATES: a dataset of communities and occurrences of primates in the Atlantic Forests of South America},
  author={Culot, Laurence and Pereira, Lucas Augusto and Agostini, Ilaria and de Almeida, Marco Ant{\^o}nio Barreto and Alves, Rafael Souza Cruz and Aximoff, Izar and Bager, Alex and Baldovino, Mar{\'\i}a Celia and Bella, Thiago Ribas and Bicca-Marques, J{\'u}lio C{\'e}sar and others},
  year={2019},
  publisher={Wiley Online Library}
}