@article{barth2021classification,
  title={Classification of wines using principal component analysis},
  author={Barth, Jackson and Katumullage, Duwani and Yang, Chenyu and Cao, Jing},
  journal={Journal of Wine Economics},
  volume={16},
  number={1},
  pages={56--67},
  year={2021},
  publisher={Cambridge University Press}
}

@Manual{R,
  title = {R: A Language and Environment for Statistical Computing},
  author = {{R Core Team}},
  organization = {R Foundation for Statistical Computing},
  address = {Vienna, Austria},
  year = {2023},
  url = {https://www.R-project.org/},
}

@Manual{neuralnet,
  title = {neuralnet: Training of Neural Networks},
  author = {Stefan Fritsch and Frauke Guenther and Marvin N. Wright},
  year = {2019},
  note = {R package version 1.44.2},
  url = {https://CRAN.R-project.org/package=neuralnet},
}

@Article{randomForest,
  title = {Classification and Regression by randomForest},
  author = {Andy Liaw and Matthew Wiener},
  journal = {R News},
  year = {2002},
  volume = {2},
  number = {3},
  pages = {18-22},
  url = {https://CRAN.R-project.org/doc/Rnews/},
}

@Article{glmnet,
  title = {Regularization Paths for Generalized Linear Models via Coordinate Descent},
  author = {Jerome Friedman and Robert Tibshirani and Trevor Hastie},
  journal = {Journal of Statistical Software},
  year = {2010},
  volume = {33},
  number = {1},
  pages = {1--22},
  doi = {10.18637/jss.v033.i01},
}

  @Article{glmnet_GLM,
  title = {Elastic Net Regularization Paths for All Generalized Linear Models},
  author = {J. Kenneth Tay and Balasubramanian Narasimhan and Trevor Hastie},
  journal = {Journal of Statistical Software},
  year = {2023},
  volume = {106},
  number = {1},
  pages = {1--31},
  doi = {10.18637/jss.v106.i01},
}
  
@article{cao2014quantifying,
  title={Quantifying randomness versus consensus in wine quality ratings},
  author={Cao, Jing},
  journal={Journal of Wine Economics},
  volume={9},
  number={2},
  pages={202--213},
  year={2014},
  publisher={Cambridge University Press}
}

@article{oczkowski2016identifying,
  title={Identifying the effects of objective and subjective quality on wine prices},
  author={Oczkowski, Edward},
  journal={Journal of Wine Economics},
  volume={11},
  number={2},
  pages={249--260},
  year={2016},
  publisher={Cambridge University Press}
}

@Book{ggplot2,
  author = {Hadley Wickham},
  title = {ggplot2: Elegant Graphics for Data Analysis},
  publisher = {Springer-Verlag New York},
  year = {2016},
  isbn = {978-3-319-24277-4},
  url = {https://ggplot2.tidyverse.org},
}

@Manual{dplyr,
  title = {dplyr: A Grammar of Data Manipulation},
  author = {Hadley Wickham and Romain François and Lionel Henry and Kirill Müller and Davis Vaughan},
  year = {2023},
  note = {R package version 1.1.3},
  url = {https://CRAN.R-project.org/package=dplyr},
}  

@Manual{tidyr,
  title = {tidyr: Tidy Messy Data},
  author = {Hadley Wickham and Davis Vaughan and Maximilian Girlich},
  year = {2023},
  note = {R package version 1.3.0},
  url = {https://CRAN.R-project.org/package=tidyr},
}

@article{beltran2008chilean,
  title={Chilean wine classification using volatile organic compounds data obtained with a fast GC analyzer},
  author={Beltrán, Nicolás H and Duarte-Mermoud, Manuel A and Vicencio, Victor A Soto and Salah, Sebastián A and Bustos, Matías A},
  journal={IEEE Transactions on Instrumentation and Measurement},
  volume={57},
  number={11},
  pages={2421--2436},
  year={2008},
  publisher={IEEE}
}

@article{aeberhard1994comparative,
  title={Comparative analysis of statistical pattern recognition methods in high dimensional settings},
  author={Aeberhard, Stefan and Coomans, Danny and De Vel, Olivier},
  journal={Pattern Recognition},
  volume={27},
  number={8},
  pages={1065--1077},
  year={1994},
  publisher={Elsevier}
}
  
@Manual{ggcorrplot,
  title = {ggcorrplot: Visualization of a Correlation Matrix using 'ggplot2'},
  author = {Alboukadel Kassambara},
  year = {2023},
  note = {R package version 0.1.4.1},
  url = {https://CRAN.R-project.org/package=ggcorrplot},
}

@Manual{rsample,
  title = {rsample: General Resampling Infrastructure},
  author = {Hannah Frick and Fanny Chow and Max Kuhn and Michael Mahoney and Julia Silge and Hadley Wickham},
  year = {2023},
  note = {R package version 1.2.0},
  url = {https://CRAN.R-project.org/package=rsample},
}

@book{james2013introduction,
  title={An introduction to statistical learning},
  author={James, Gareth and Witten, Daniela and Hastie, Trevor and Tibshirani, Robert and others},
  volume={112},
  year={2013},
  publisher={Springer}
}

@book{hastie2009elements,
  title={The elements of statistical learning: data mining, inference, and prediction},
  author={Hastie, Trevor and Tibshirani, Robert and Friedman, Jerome H and Friedman, Jerome H},
  volume={2},
  year={2009},
  publisher={Springer}
}

@Manual{varImp,
  title = {varImp: RF Variable Importance for Arbitrary Measures},
  author = {Philipp Probst},
  year = {2020},
  note = {R package version 0.4},
  url = {https://CRAN.R-project.org/package=varImp},
}